@InProceedings{
	lu18d,
	title = {Beyond Finite Layer Neural Networks: Bridging Deep Architectures and Numerical Differential Equations},
	author = {Lu, Yiping and Zhong, Aoxiao and Li, Quanzheng and Dong, Bin},
	booktitle = {Proceedings of the 35th International Conference on Machine Learning},
	pages = {3282--3291},
	year = {2018},
	editor = {Jennifer Dy and Andreas Krause},
	volume = {80},
	series = {Proceedings of Machine Learning Research},
	address = {Stockholmsmässan, Stockholm Sweden},
	month = {10--15 Jul},
	publisher = {PMLR},
	pdf = {http://proceedings.mlr.press/v80/lu18d/lu18d.pdf},
	url = {http://proceedings.mlr.press/v80/lu18d.html}
}

@article{DBLP:journals/corr/Krizhevsky14,
  author    = {Alex Krizhevsky},
  title     = {One weird trick for parallelizing convolutional neural networks},
  journal   = {CoRR},
  volume    = {abs/1404.5997},
  year      = {2014},
  url       = {http://arxiv.org/abs/1404.5997},
  archivePrefix = {arXiv},
  eprint    = {1404.5997},
  timestamp = {Mon, 13 Aug 2018 16:48:41 +0200},
  biburl    = {https://dblp.org/rec/journals/corr/Krizhevsky14.bib},
  bibsource = {dblp computer science bibliography, https://dblp.org}
}

@article{DBLP:journals/corr/HeZRS15,
  author    = {Kaiming He and
               Xiangyu Zhang and
               Shaoqing Ren and
               Jian Sun},
  title     = {Deep Residual Learning for Image Recognition},
  journal   = {CoRR},
  volume    = {abs/1512.03385},
  year      = {2015},
  url       = {http://arxiv.org/abs/1512.03385},
  archivePrefix = {arXiv},
  eprint    = {1512.03385},
  timestamp = {Wed, 17 Apr 2019 17:23:45 +0200},
  biburl    = {https://dblp.org/rec/journals/corr/HeZRS15.bib},
  bibsource = {dblp computer science bibliography, https://dblp.org}
}

@article{E-2017,
 doi       = {10.1007/s40304-017-0103-z},
 title     = {A Proposal on Machine Learning via Dynamical Systems},
 author    = {E, Weinan},
 journal   = {Communications in Mathematics and Statistics},
 issn      = {2194-6701,2194-671X},
 year      = {2017},
 volume    = {5},
 issue     = {1},
 pages     = {1--11},
 url       = {http://doi.org/10.1007/s40304-017-0103-z}
}

@misc{he2016identity,
      title={Identity Mappings in Deep Residual Networks},
      author={Kaiming He and Xiangyu Zhang and Shaoqing Ren and Jian Sun},
      year={2016},
      eprint={1603.05027},
      archivePrefix={arXiv},
      primaryClass={cs.CV}
}

@misc{zhang2017polynet,
      title={PolyNet: A Pursuit of Structural Diversity in Very Deep Networks},
      author={Xingcheng Zhang and Zhizhong Li and Chen Change Loy and Dahua Lin},
      year={2017},
      eprint={1611.05725},
      archivePrefix={arXiv},
      primaryClass={cs.CV}
}

@misc{szegedy2014going,
      title={Going Deeper with Convolutions},
      author={Christian Szegedy and Wei Liu and Yangqing Jia and Pierre Sermanet and Scott Reed and Dragomir Anguelov and Dumitru Erhan and Vincent Vanhoucke and Andrew Rabinovich},
      year={2014},
      eprint={1409.4842},
      archivePrefix={arXiv},
      primaryClass={cs.CV}
}

@misc{larsson2017fractalnet,
      title={FractalNet: Ultra-Deep Neural Networks without Residuals},
      author={Gustav Larsson and Michael Maire and Gregory Shakhnarovich},
      year={2017},
      eprint={1605.07648},
      archivePrefix={arXiv},
      primaryClass={cs.CV}
}

@misc{gomez2017reversible,
      title={The Reversible Residual Network: Backpropagation Without Storing Activations},
      author={Aidan N. Gomez and Mengye Ren and Raquel Urtasun and Roger B. Grosse},
      year={2017},
      eprint={1707.04585},
      archivePrefix={arXiv},
      primaryClass={cs.CV}
}

@misc{huang2016deep,
      title={Deep Networks with Stochastic Depth},
      author={Gao Huang and Yu Sun and Zhuang Liu and Daniel Sedra and Kilian Weinberger},
      year={2016},
      eprint={1603.09382},
      archivePrefix={arXiv},
      primaryClass={cs.LG}
}

@misc{gastaldi2017shakeshake,
      title={Shake-Shake regularization},
      author={Xavier Gastaldi},
      year={2017},
      eprint={1705.07485},
      archivePrefix={arXiv},
      primaryClass={cs.LG}
}

@misc{kolesnikov2020big,
      title={Big Transfer (BiT): General Visual Representation Learning},
      author={Alexander Kolesnikov and Lucas Beyer and Xiaohua Zhai and Joan Puigcerver and Jessica Yung and Sylvain Gelly and Neil Houlsby},
      year={2020},
      eprint={1912.11370},
      archivePrefix={arXiv},
      primaryClass={cs.CV}
}

@misc{dosovitskiy2021image,
      title={An Image is Worth 16x16 Words: Transformers for Image Recognition at Scale},
      author={Alexey Dosovitskiy and Lucas Beyer and Alexander Kolesnikov and Dirk Weissenborn and Xiaohua Zhai and Thomas Unterthiner and Mostafa Dehghani and Matthias Minderer and Georg Heigold and Sylvain Gelly and Jakob Uszkoreit and Neil Houlsby},
      year={2021},
      eprint={2010.11929},
      archivePrefix={arXiv},
      primaryClass={cs.CV}
}

@misc{vaswani2023attention,
      title={Attention Is All You Need},
      author={Ashish Vaswani and Noam Shazeer and Niki Parmar and Jakob Uszkoreit and Llion Jones and Aidan N. Gomez and Lukasz Kaiser and Illia Polosukhin},
      year={2023},
      eprint={1706.03762},
      archivePrefix={arXiv},
      primaryClass={cs.CL}
}

@misc{lu2019understanding,
      title={Understanding and Improving Transformer From a Multi-Particle Dynamic System Point of View},
      author={Yiping Lu and Zhuohan Li and Di He and Zhiqing Sun and Bin Dong and Tao Qin and Liwei Wang and Tie-Yan Liu},
      year={2019},
      eprint={1906.02762},
      archivePrefix={arXiv},
      primaryClass={cs.LG}
}

@misc{srivastava2015highway,
      title={Highway Networks},
      author={Rupesh Kumar Srivastava and Klaus Greff and Jürgen Schmidhuber},
      year={2015},
      eprint={1505.00387},
      archivePrefix={arXiv},
      primaryClass={cs.LG}
}

@misc{hu2019squeezeandexcitation,
      title={Squeeze-and-Excitation Networks},
      author={Jie Hu and Li Shen and Samuel Albanie and Gang Sun and Enhua Wu},
      year={2019},
      eprint={1709.01507},
      archivePrefix={arXiv},
      primaryClass={cs.CV}
}
